<record><leader>00000cas a2200000 a 4500</leader><controlfield tag="001">32261870</controlfield><controlfield tag="007">hd bfu---baat</controlfield><controlfield tag="007">hd afu---bact</controlfield><controlfield tag="008">950406d19301942nbudn nea     0    0eng d</controlfield><datafield ind1=" " ind2=" " tag="010"><subfield code="a">sn 95069455 </subfield></datafield><datafield ind1=" " ind2=" " tag="040"><subfield code="a">NVG</subfield><subfield code="b">eng</subfield><subfield code="c">NVG</subfield><subfield code="d">OCL</subfield><subfield code="d">OCLCQ</subfield></datafield><datafield ind1=" " ind2=" " tag="042"><subfield code="a">msc</subfield></datafield><datafield ind1=" " ind2=" " tag="043"><subfield code="a">n-us-nb</subfield></datafield><datafield ind1="0" ind2=" " tag="130"><subfield code="a">Grand Island herald (Grand Island, Neb. : 1930)</subfield></datafield><datafield ind1="1" ind2="4" tag="245"><subfield code="a">The Grand Island herald</subfield><subfield code="h">[microform].</subfield></datafield><datafield ind1="3" ind2="0" tag="246"><subfield code="a">Grand Island daily herald</subfield></datafield><datafield ind1="3" ind2="0" tag="246"><subfield code="a">Grand Island herald &amp; shopper's bulletin</subfield></datafield><datafield ind1="3" ind2="0" tag="246"><subfield code="a">Grand Island herald and shoppers' bulletin</subfield></datafield><datafield ind1=" " ind2=" " tag="260"><subfield code="a">Grand Island, Neb. :</subfield><subfield code="b">Herald Pub. Co.,</subfield><subfield code="c">-1942.</subfield></datafield><datafield ind1=" " ind2=" " tag="300"><subfield code="a">v.</subfield></datafield><datafield ind1=" " ind2=" " tag="310"><subfield code="a">Daily (except Sun. and Mon.),</subfield><subfield code="b">May 12-Sept. 9, 1942</subfield></datafield><datafield ind1=" " ind2=" " tag="321"><subfield code="a">Weekly,</subfield><subfield code="b">1930-June 2, 1932</subfield></datafield><datafield ind1=" " ind2=" " tag="321"><subfield code="a">Daily (except Sun.),</subfield><subfield code="b">June 7, 1932-&lt;June 23&gt;, 1933</subfield></datafield><datafield ind1=" " ind2=" " tag="321"><subfield code="a">Weekly,</subfield><subfield code="b">July 6, 1933-Oct. 1, 1936</subfield></datafield><datafield ind1=" " ind2=" " tag="321"><subfield code="a">Semiweekly,</subfield><subfield code="b">Oct. 6, 1936-Feb. 3, 1939</subfield></datafield><datafield ind1=" " ind2=" " tag="321"><subfield code="a">Weekly,</subfield><subfield code="b">Feb. 10, 1939-May 8, 1942</subfield></datafield><datafield ind1="1" ind2=" " tag="362"><subfield code="a">Began in Sept. 1930.</subfield></datafield><datafield ind1="0" ind2=" " tag="362"><subfield code="a">-62nd year, no. 87 (Sept. 9, 1942).</subfield></datafield><datafield ind1=" " ind2=" " tag="500"><subfield code="a">Published as: Grand Island daily herald, May 11-&lt;June 23&gt;, 1933, and: Grand Island herald &amp; shopper's bulletin, Dec. 30, 1938-Jan. 13, 1939, and: Grand Island herald and shoppers' bulletin, Jan. 17-Feb. 3, 1939, and: Grand Island daily herald, May 12-Sept. 9, 1942.</subfield></datafield><datafield ind1=" " ind2=" " tag="515"><subfield code="a">Some irregularities in numbering.</subfield></datafield><datafield ind1=" " ind2=" " tag="588"><subfield code="a">Description based on: Vol. 51, no. 10 (Sept. 25, 1930).</subfield></datafield><datafield ind1=" " ind2=" " tag="533"><subfield code="a">Microfilm.</subfield><subfield code="m">1930-1942:[Gaps]</subfield><subfield code="b">Lincoln, Neb. :</subfield><subfield code="c">Nebraska State Historical Society,</subfield><subfield code="d">1976.</subfield><subfield code="e">6 microfilm reels ; 35 mm.</subfield></datafield><datafield ind1=" " ind2=" " tag="752"><subfield code="a">United States</subfield><subfield code="b">Nebraska</subfield><subfield code="c">Hall</subfield><subfield code="d">Grand Island.</subfield></datafield><datafield ind1="0" ind2="0" tag="780"><subfield code="t">Grand Island herald combined with the Grand Island shopping news</subfield><subfield code="w">(DLC)sn 95069454</subfield></datafield><datafield ind1="1" ind2=" " tag="029"><subfield code="a">AU@</subfield><subfield code="b">000022177949</subfield></datafield></record>